<record><leader>00000cas a2200000 a 4500</leader><controlfield tag="001">11284274</controlfield><controlfield tag="008">841019d19051906ksuwr ne      0   a0eng d</controlfield><datafield ind1=" " ind2=" " tag="010"><subfield code="a">sn 84029995 </subfield></datafield><datafield ind1=" " ind2=" " tag="040"><subfield code="a">KSH</subfield><subfield code="b">eng</subfield><subfield code="c">KSH</subfield><subfield code="d">NPT</subfield><subfield code="d">OCL</subfield><subfield code="d">OCLCQ</subfield></datafield><datafield ind1=" " ind2=" " tag="042"><subfield code="a">msc</subfield></datafield><datafield ind1="0" ind2=" " tag="130"><subfield code="a">Independent-journal (Ottawa, Kan.)</subfield></datafield><datafield ind1="1" ind2="0" tag="245"><subfield code="a">Independent-journal.</subfield></datafield><datafield ind1=" " ind2=" " tag="260"><subfield code="a">Ottawa, Kan. :</subfield><subfield code="b">Stine Print. Co.,</subfield><subfield code="c">1905-</subfield></datafield><datafield ind1=" " ind2=" " tag="300"><subfield code="a">v. :</subfield><subfield code="b">ill. ;</subfield><subfield code="c">55 cm.</subfield></datafield><datafield ind1=" " ind2=" " tag="310"><subfield code="a">Weekly</subfield></datafield><datafield ind1="0" ind2=" " tag="362"><subfield code="a">Vol. 39, no. 22 (July 27, 1905)-</subfield></datafield><datafield ind1="1" ind2=" " tag="362"><subfield code="a">Ceased with Nov. 1, 1906 issue?</subfield></datafield><datafield ind1=" " ind2=" " tag="500"><subfield code="a">"Independent."</subfield></datafield><datafield ind1=" " ind2=" " tag="752"><subfield code="a">United States</subfield><subfield code="b">Kansas</subfield><subfield code="c">Franklin</subfield><subfield code="d">Ottawa.</subfield></datafield><datafield ind1="0" ind2="0" tag="780"><subfield code="t">Ottawa independent-journal</subfield><subfield code="w">(DLC)sn 84029996</subfield></datafield></record>